@article{Babazadeh,
author="Reza Babazadeh and Ataollah Gogani Khiabani and Hadi Azmi",
title="Optimal Control of Segway Personal Transporter",
journal="IEEE",
year="2016"
}